% From prep:

% PENNE equations
@article{long2000nonconservative,
author = {Long, Lyle},
year = {2000},
title = {A nonconservative nonlinear flowfield splitting method for 3-D unsteady fluid dynamics},
journal={AIAA Aeroacoustics Conference}
}


% Panek Thesis
@thesis{panek2004numerical,
author={Lukasz Panek},
title={Numerical simulation of the disturbance propagation in nozzle flows taking into account non-linear effects},
institution={TU Berlin},
year={2004}
}


% Tam CAA
@book{tam2012computational ,
title = {Computational Aeroacoustics — A Wave Number Approach},
author = {Christopher K. W. Tam},
year = {2012}
}

% ILIAD
@inproceedings{Howerton2012iliad,
  title={Development and Validation of an Interactive Liner Design and Impedance Modeling Tool},
  author={Brian M. Howerton and Michael G. Jones and James Buckley},
  year={2012}
}

% BASS
@article{sawyer2004BASS,
title={Final Report - BASS Code Development},
author={Scott Sawyer},
year={2004},
journal={NASA Technical Reports Server}
}


% Lit review NRBC
% Hu PML [3] from sources
@article{hu2005aPML,
author = {{Hu}, Fang Q.},
title = {A Perfectly Matched Layer absorbing boundary condition for linearized Euler equations with a non-uniform mean flow},
journal = {Journal of Computational Physics},
year = {2005}
}

% Hu PML [2]
@article{hu2001astablePML,
title = {A Stable, Perfectly Matched Layer for Linearized Euler Equations in Unsplit Physical Variables},
journal = {Journal of Computational Physics},
year = {2001},
author = {Fang Q Hu}
}

% Parrish and Hu PML [5] from sources
@article{Parrish2009PMLAB,
  title={PML absorbing boundary conditions for the linearized and nonlinear Euler equations in the case of oblique mean flow},
  author={Sarah A. Parrish and Fang Q. Hu},
  journal={International Journal for Numerical Methods in Fluids},
  year={2009}
}

% Chen PML [1] from sources
@inbook{chen2017perfectlymlbc,
author = {Chen Wei and Songping Wu and Shengyi Wang},
title = {Perfectly Matched Layer Boundary Condition for Nonlinear Euler Equations in General Curvilinear Coordinates},
booktitle = {21st AIAA International Space Planes and Hypersonics Technologies Conference},
year = {2017}
}

% Lin PML [4] from sources - og nonlinearised PML
@article{lin2011absorbingbc,
author = {Lin, Dakai and Li, Xiaodong and Hu, Fang},
year = {2011},
title = {Absorbing boundary condition for nonlinear Euler equations in primitive variables based on the Perfectly Matched Layer technique},
journal = {Computers \& Fluids}
}


% Berenger OG PML
@article{berenger1994apml,
title = {A perfectly matched layer for the absorption of electromagnetic waves},
journal = {Journal of Computational Physics},
year = {1994},
author = {Jean-Pierre Berenger}
}

% Non reflective boundary conditions
@article{kim2000generalizedcharbc,
author = {Kim, Jae Wook and Lee, Duck Joo},
title = {Generalized Characteristic Boundary Conditions for Computational Aeroacoustics},
journal = {AIAA Journal},
year = {2000}
}

% Says characteristic bc is bad
@article{colonius2004modelling,
author = {Colonius, Tim},
journal = {Annual Review of Fluid Mechanics},
title = {Modelling artificial boundary conditions for compressible flow},
year = {2004}
}

% Says Asymptotic is useless for nonlinear
@article{bayliss1982farfield,
title = {Far field boundary conditions for compressible flows},
journal = {Journal of Computational Physics},
year = {1982},
author = {Alvin Bayliss and Eli Turkel}
}

% Buffer zone NRBC
@article{wasitho1997simulationtfsei,
title = {Simulation techniques for spatially evolving instabilities in compressible flow over a flat plate},
journal = {Computers \& Fluids},
year = {1997},
author = {B. Wasistho and B.J. Geurts and J.G.M. Kuerten}
}

% ETC NRBC
@inbook{edgar2012generalbufferzone,
author = {Nathan Edgar and Miguel Visbal},
title = {A General Buffer Zone-type Non-Reflecting Boundary Condition for Computational Aeroacoustics},
booktitle = {9th AIAA/CEAS Aeroacoustics Conference and Exhibit},
year={2012}
}

% NRBC Comparisons
@article{manco2019comparativesnrbc,
author = {Manco, Jhonatan and Mendonca, Marcio},
year = {2019},
title = {Comparative study of different non-reflecting boundary conditions for compressible flows},
journal = {Journal of the Brazilian Society of Mechanical Sciences and Engineering}
}









% Jet Propulsion
@book{cumpsty2015jetpropulsion, 
place={Cambridge}, 
edition={3}, 
title={Jet Propulsion: A Simple Guide to the Aerodynamics and Thermodynamic Design and Performance of Jet Engines}, 
publisher={Cambridge University Press}, 
author={Cumpsty, Nicholas and Heyes, Andrew}, 
year={2015}
}

% Special Acoustic Absorber
@inbook{redmann2013aeroacousticliner,
author = {Daniel Redmann and Reinhard Pongratz and Joergen Zillmann},
title = {Aeroacoustic liner applications of the broadband special acoustic absorber concept},
booktitle = {19th AIAA/CEAS Aeroacoustics Conference},
year = {2013}
}

% Nonlinear aeroacoustics
@article{colonius2004computationalaponp,
title = {Computational aeroacoustics: progress on nonlinear problems of sound generation},
journal = {Progress in Aerospace Sciences},
year = {2004},
author = {Tim Colonius and Sanjiva K. Lele}
}

% Says FD doesn't have damping
@article{lo2010highordershockcaptsch,
author = {Lo, S.-C. and Blaisdell, G. A. and Lyrintzis, A. S.},
title = {High-order shock capturing schemes for turbulence calculations},
journal = {International Journal for Numerical Methods in Fluids},
year = {2010}
}


% Acoustic analogy references
% Lighthill
@article{lighthill1952onsoundsgenerated,
author = {Lighthill, Michael James  and Newman, Maxwell Herman Alexander },
title = {On sound generated aerodynamically I. General theory},
journal = {Proceedings of the Royal Society of London. Series A. Mathematical and Physical Sciences},
year = {1952}
}

% FWH
@article{ffowcswilliams1969soundgenerationturb,
 author = {J. E. Ffowcs Williams and D. L. Hawkings},
 journal = {Philosophical Transactions of the Royal Society of London. Series A, Mathematical and Physical Sciences},
 publisher = {The Royal Society},
 title = {Sound Generation by Turbulence and Surfaces in Arbitrary Motion},
 year = {1969}
}

% Curle
@article{curle1955influencesolid,
author = {Curle, N.  and Lighthill, Michael James },
title = {The influence of solid boundaries upon aerodynamic sound},
journal = {Proceedings of the Royal Society of London. Series A. Mathematical and Physical Sciences},
year = {1955}
}

% Kirchhoffs
@article{godin1996kirchhoffhelmholtz,
author = {Godin,Oleg A. },
title = {The Kirchhoff–Helmholtz integral theorem and related identities for waves in an inhomogeneous moving fluid.},
journal = {The Journal of the Acoustical Society of America},
year = {1996}
}

% Pseudospectral
@article{huang2006fourierpseudospectral,
author = {Huang, Xun and Zhang, Xin},
year = {2006},
title = {A Fourier Pseudospectral Method for Some Computational Aeroacoustics Problems},
journal = {International Journal of Aeroacoustics}
}

% Acoustic perturbation equations
@article{ewert2003ape,
title = {Acoustic perturbation equations based on flow decomposition via source filtering},
journal = {Journal of Computational Physics},
year = {2003},
author = {R. Ewert and W. Schröder}
}

% CAA Splitting method
@article{hardin1994acousticsplitting,
title = {An acoustic/viscous splitting technique for computational aeroacoustics},
year = {1994},
author = {J. C. Hardin and D. S. Pope},
journal = {Theoretical and Computational Fluid Dynamics}
}

% CAA splitting method 2
@article{shen1999commentpopeformulation,
title = {Comment on the Aeroacoustic Formulation of Hardin and Pope},
year = {1999},
author = {Wen Zhong Shen and Jens Norkaer Sorensen},
journal = {AIAA Journal}
}

% CAA Splitting method 3
@article{ekaterinaris1999newformulationhardinpope,
title = {New Formulation of Hardin-Pope Equations for Aeroacoustics},
author = {John A. Ekaterinaris},
year = {1999},
journal = {AIAA Journal}
}

% Lattice gas automata
@book{doolen1991LGM,
title = {Lattice Gas Methods},
author = {Gary D. Doolen},
year = {1991},
publisher = {MIT Press}
}

% FEM for CAA
@article{peyret2001FEMCAA,
title = {Finite-element method to study harmonic aeroacoustics problems},
year = {2001},
author = {C. Peyret and G. Elias},
journal = {Journal of the Acoustical Society of America}
}

% BEM for CAA
@article{kirkup2019BEMCAA,
title = {The Boundary Element Method in Acoustics: A Survey},
author = {Stephen Kirkup},
year = {2019},
journal = {Applied Sciences}
}








% New refs:

% Source on dispersion relations and wave prop
@book{whitham1974linearnonlinear,
publisher = {John Wiley \& Sons, Ltd},
title = {Linear and Nonlinear Waves},
year = {1974},
author = {Gerald B. Whitham}
}

% CHOUNG
@article{choung2018nonreflective,
author = {{Choung}, Hanahchim and {Jang}, Seokjong and {Lee}, Soogab},
title = "{Nonreflective Conditions for Perfectly Matched Layer in Computational Aeroacoustics}",
year = {2018},
journal = {International Journal of Aeronautical and Space Sciences}
}

% ParrishPhD
@thesis{parrish2008analysis,
author = {Parrish, Sarah Anne},
title = {Analysis and Application of Perfectly Matched Layer Absorbing Boundary Conditions for Computational Aeroacoustics},
institution = {Old Dominion University},
year = {2008}
}

% PML Master's thesis
@thesis{velu2010development,
author = {Velu, Srinivasa Perumal},
title = {Development and Application of Perfectly Matched Layer for Numerical Boundary Treatment},
institution = {Wichita State University},
year = {2010}
}

% Notes on PML
@online{johnson2021notesonPML,
author = {Johnson, Steven},
year = {2021},
title = {Notes on Perfectly Matched Layers (PMLs)}
}

% HU LDDRK
@article{hu1996lddrk,
title = {Low-Dissipation and Low-Dispersion Runge–Kutta Schemes for Computational Acoustics},
journal = {Journal of Computational Physics},
year = {1996},
author = {F.Q. Hu and M.Y. Hussaini and J.L. Manthey}
}

% TAM DRP for CAA
@article{tam193DRP,
title = {Dispersion-Relation-Preserving Finite Difference Schemes for Computational Acoustics},
journal = {Journal of Computational Physics},
year = {1993},
author = {Christopher K. W. Tam and Jay C. Webb}
}

% Bogey shock handling
@article{bogey2009shockcapturing,
title = {A shock-capturing methodology based on adaptative spatial filtering for high-order non-linear computations},
journal = {Journal of Computational Physics},
year = {2009},
author = {Christophe Bogey and Nicolas {de Cacqueray} and Christophe Bailly},
}

% Discrete reflectionless PML
@article{chern2019discretepml,
title = {A reflectionless discrete perfectly matched layer},
journal = {Journal of Computational Physics},
year = {2019},
author = {Albert Chern}
}

% First CAA workshop
@book{hardin1995caaworkshop,
  title={ICASE/LaRC Workshop on Benchmark Problems in Computational Aeroacoustics (CAA)},
  author={J.C. Hardin and J.R. Ristorcelli and C.K.W Tam},
  year={1995},
  publisher={National Aeronautics and Space Administration, Langley Research Center}
}

% Third CAA workshop
@book{dahl2000caaworkshop,
  title={Third Computational Aeroacoustics (CAA) Workshop on Benchmark Problems},
  author={Dahl, Milo D.},
  year={2000},
  publisher={National Aeronautics and Space Administration, Glenn Research Center}
}

% HU additional paper for benchmark validation
@article{hu1996onabsorbingbc,
title = {On Absorbing Boundary Conditions for Linearized Euler Equations by a Perfectly Matched Layer},
journal = {Journal of Computational Physics},
year = {1996},
author = {Fang Q. Hu},
}

% Review of CAA Algorithms
@article{kubratskii2004reviewcaaalgo,
author = {Kurbatskii, Konstantin and Mankbadi, Reda},
year = {2004},
title = {Review of Computational Aeroacoustics Algorithms},
journal = {International Journal of Computational Fluid Dynamics - INT J COMPUT FLUID DYNAMICS}
}


% FD schemes Lele
@article{lele1992cfd,
title = {Compact finite difference schemes with spectral-like resolution},
journal = {Journal of Computational Physics},
year = {1992},
author = {Sanjiva K. Lele}
}

% FD schemes Zingg
@article{zingg1996HighAccFD,
title = {High-Accuracy Finite-Difference Schemes for Linear Wave Propagation},
journal = {Industrial and Applied Mathematics},
year = {1996},
author = {David W. Zingg and Harvard Lomax and Henry Jurgens}
}

% FD schemes Haras
@article{haras1994FiniteDS,
  title={Finite difference schemes for long-time integration},
  author={Zigo Haras and Shlomo Ta'asan},
  journal={Journal of Computational Physics},
  year={1994}
}

% FD schemes Zhuang
@article{zhuang2002ApplicationsOH,
  title={Applications of High-Order Optimized Upwind Schemes for Computational Aeroacoustics},
  author={Mei Zhuang and R. F. Chen},
  journal={AIAA Journal},
  year={2002}
}

% FD schemes Lockard
@article{lockard1995HighAccAlgoCAA,
title = {High-Accuracy Algorithms for Computational Aeroacoustics},
author = {David P. Lockard and Kenneth S. Brentner and H. L. Atkins},
journal = {AIAA Journal},
year = {1995}
}

% Zingg review of FD schemes (DRP mentioned)
@report{zingg1996reviewFD,
title = {A Review of High-Order and Optimized Finite-Difference Methods for Simulating Linear Wave Phenomena},
author = {David W. Zingg},
year = {1996},
institution = {NASA Ames Research Center}
}

% numerical Diff notes to say central is best for ghost
@online{kopecky2007numericaldiff,
title = {Numerical Differentiation},
author = {Karen A. Kopecky},
year = {2007},
url = {http://paulklein.ca/newsite/teaching/Notes_NumericalDifferentiation.pdf}
}

% numerical Diff notes to say central is best for ghost
@online{nedialkov2015forwardbackward,
title = {Forward, backward and central differences for derivatives},
year = {2015},
author = {Ned Nedialkov},
url = {https://dmpeli.math.mcmaster.ca/Matlab/Math4Q3/NumMethods/Lecture3-1.html}
}

% Says PML split is weakly well-posed
@article{abarbanel1997mathanalysispml,
title = {A Mathematical Analysis of the PML Method},
journal = {Journal of Computational Physics},
year = {1997},
author = {Saul Abarbanel and David Gottlieb}
}

% long-time behaviour of unsplit pml
@article{becache2004longtime,
  author={Becache, E. and Petropoulos, P.G. and Gedney, S.D.},
  journal={IEEE Transactions on Antennas and Propagation}, 
  title={On the long-time behavior of unsplit perfectly matched layers}, 
  year={2004}
  }
  
% Group velocity and stability
@article{becache2003stabilitygroupvel,
title = {Stability of perfectly matched layers, group velocities and anisotropic waves},
journal = {Journal of Computational Physics},
year = {2003},
author = {E. Bécache and S. Fauqueux and P. Joly}
}

% PML can be unstable for certain confined geometrys
@article{tam1998pmlopenducted,
title = {Perfectly Matched Layer as an Absorbing Boundary Condition for the Linearized Euler Equations in Open and Ducted Domains},
journal = {Journal of Computational Physics},
year = {1998},
author = {Christopher K. W. Tam and Laurent Auriault and Francesco Cambuli}
}

% Burgers' equation
@online{landajuela2011burgers,
title = {BURGERS EQUATION},
author = {Mikel Landajuela},
year = {2011},
url = {http://www.bcamath.org/projects/NUMERIWAVES/Burgers_Equation_M_Landajuela.pdf}
}

% Numerical analysis of PDEs
@book{suli2003numanalys,
title = {An Introduction to Numerical Analysis},
author = {Endre Suli and David F. Mayers},
year = {2003},
publisher = {Cambridge University Press}
}

% Overview of high-order FD schemes for aeroacoustics
@inproceedings{spisso2007overviewfd,
title = {A selective overview of high-order finite-difference schemes for aeroacoustic applications},
author = {I. Spisso and A. Rona},
year = {2007},
booktitle = {14th International Congress on Sound and Vibration}
}

% DRP intuition for spatial
@article{brambley2016optimisedDRP,
title = {Optimized finite-difference (DRP) schemes perform
poorly for decaying or growing oscillations},
author = {E.J. Brambley},
year = {2016},
journal = {Journal of Computational Physics}
}


%%% PML optimisation references
@article{agrawal2004pmlperformance,
author = {Arti Agrawal and Anurag Sharma},
journal = {Appl. Opt.},
publisher = {Optica Publishing Group},
title = {Perfectly matched layer in numerical wave propagation: factors that affect its performance},
year = {2004}
}

@article{li2003optimizationPML,
author = {Li, Ching‐Lieh and Liu, Chien‐Wei and Chen, Shao‐Hon},
year = {2003},
title = {Optimization of a PML absorber's conductivity profile using FDTD},
journal = {Microwave and Optical Technology Letters}
}

@article{margengo1999optimumpml,
  author={Margengo, E.A. and Rappaport, C.M. and Miller, E.L.},
  journal={IEEE Transactions on Magnetics}, 
  title={Optimum PML ABC conductivity profile in FDFD}, 
  year={1999}
  }
  
% CFDNoise
@online{cfdberlin2020cfdnoise,
title = {SOFTWARE: CFDNoise},
author = {CFDBerlin},
year = {2020},
url = {https://cfd.berlin/en/software-e/}
}

% Bogey and Bailly FD scheme
@article{bogey2003familyldldschemes,
title = {A family of low dispersive and low dissipative explicit
schemes for flow and noise computations},
year = {2003},
author = {Christope Bogey and Christophe Bailly},
journal = {Journal of Computational Physics}
}

% Zhu CAA FD schemes
@article{zhu2007caahofds,
title = {Computational Aero-Acoustic Using High-order Finite-Difference Schemes},
year = {2007},
author = {Wei Jun Zhu and Wen Zhong Shen and Jens Norkaer Sorensen},
journal = {Journal of Physics}
}

% Ozkaya and Hay adjoint for liners
@inproceedings{ozkaya2016adjointcaaliner,
title = {Development of an Adjoint CAA Solver for Design Optimization of Acoustic Liners},
year = {2016},
author = {Emre Ozkaya and Junis Abdel Hay and Nicolas R. Gauger and Frank Thiele}
}

% Marine controlled surface electromagnetic modelling
@article{li2017marineCSEM,
title = {Application of the perfectly matched layer in 3-D marine controlled-source electromagnetic modelling},
author = {Gang Li and Yuguo Li and Bo Han and Zhan Liu},
year = {2017},
journal = {Geophysical Journal International}
}